ISA*00*          00          ZZ*431420764000000*ZZ*43LW           *221007*1010^00501*958855708*0*P:GS*HP*431420764*43LW*20221007*1010*1*X*005010X221A1~ST*835*000000001~BPR*I*786.4*C*ACH*CCP*01*031100209*DA*00000000038881632*1571062326*01*031202084*DA*383005729566*20221011~TRN*1*814039668*1571062326~REF*EV*ER1018~DTM*405*20221006~N1*PR*PALMETTO GBA - RAILROAD MEDICARE*XV*00882~N3*PO BOX 10066~N4*AUGUSTA*GA*309990001~REF*2U*00882~PER*CX*ATTN CUSTOMER SERVICE*TE*8772887600~PER*BL*PALMETTO GBA*TE*8772887600*TE*8883559165~N1*PE*MEDARBOR LLC*FI*270730954~N3*PO BOX 301~N4*LINWOOD*NJ*082210301~REF*TJ*270730954~LX*1~CLP*8550586*1*951.91*786.40MB*2222269108050*81*1~NM1*QC*1*COX*AUBREY**MI*7MN4FU2GY90~MOA*MA01~DTM*050*20220926~SVC*HC:87641:59*38.99*35.091~DTM*472*20220310~CAS*CO*45*3.90~REF*LU*81~REF*6R*1925599~AMT*B6*35.09~SVC*HC:87640:59*38.99*35.091~DTM*472*20220310~CAS*CO*45*3.90~REF*LU*81~REF*6R*1925601~AMT*B6*35.09~SVC*HC:87653:59*38.99*35.091~DTM*472*20220310~CAS*CO*45*3.90~REF*LU*81~REF*6R*1925602~AMT*B6*35.09~SVC*HC:87500*38.99*35.091~DTM*472*20220310~CAS*CO*45*3.90~REF*LU*81~REF*6R*1925603~AMT*B6*35.09~SVC*HC:87542:59*46.40*41.761~DTM*472*20220310~CAS*CO*45*4.64~REF*LU*81~REF*6R*1925604~AMT*B6*41.76~SVC*HC:87799:59*47.60*42.841~DTM*472*20220310~CAS*CO*45*4.76~REF*LU*81~REF*6R*1925597~AMT*B6*42.84~SVC*HC:87481:59*194.95*175.455~DTM*472*20220310~CAS*CO*45*19.50~REF*LU*81~REF*6R*1925598~AMT*B6*175.45~SVC*HC:87798:59*507.00*385.99*11~DTM*472*20220310~CAS*CO*45*121.01~REF*LU*81~REF*6R*1925600~AMT*B6*385.99~SE*69*000000001~GE*1*1~IEA*1*958855708